[gd_scene load_steps=12 format=2]

[ext_resource path="res://Player.tscn" type="PackedScene" id=1]

[sub_resource type="CubeMesh" id=1]

[sub_resource type="ConcavePolygonShape" id=2]
data = PoolVector3Array( -1, 1, 1, 1, 1, 1, -1, -1, 1, 1, 1, 1, 1, -1, 1, -1, -1, 1, 1, 1, -1, -1, 1, -1, 1, -1, -1, -1, 1, -1, -1, -1, -1, 1, -1, -1, 1, 1, 1, 1, 1, -1, 1, -1, 1, 1, 1, -1, 1, -1, -1, 1, -1, 1, -1, 1, -1, -1, 1, 1, -1, -1, -1, -1, 1, 1, -1, -1, 1, -1, -1, -1, 1, 1, 1, -1, 1, 1, 1, 1, -1, -1, 1, 1, -1, 1, -1, 1, 1, -1, -1, -1, 1, 1, -1, 1, -1, -1, -1, 1, -1, 1, 1, -1, -1, -1, -1, -1 )

[sub_resource type="CubeMesh" id=3]

[sub_resource type="ConcavePolygonShape" id=4]
data = PoolVector3Array( -1, 1, 1, 1, 1, 1, -1, -1, 1, 1, 1, 1, 1, -1, 1, -1, -1, 1, 1, 1, -1, -1, 1, -1, 1, -1, -1, -1, 1, -1, -1, -1, -1, 1, -1, -1, 1, 1, 1, 1, 1, -1, 1, -1, 1, 1, 1, -1, 1, -1, -1, 1, -1, 1, -1, 1, -1, -1, 1, 1, -1, -1, -1, -1, 1, 1, -1, -1, 1, -1, -1, -1, 1, 1, 1, -1, 1, 1, 1, 1, -1, -1, 1, 1, -1, 1, -1, 1, 1, -1, -1, -1, 1, 1, -1, 1, -1, -1, -1, 1, -1, 1, 1, -1, -1, -1, -1, -1 )

[sub_resource type="CubeMesh" id=5]

[sub_resource type="ConcavePolygonShape" id=6]
data = PoolVector3Array( -1, 1, 1, 1, 1, 1, -1, -1, 1, 1, 1, 1, 1, -1, 1, -1, -1, 1, 1, 1, -1, -1, 1, -1, 1, -1, -1, -1, 1, -1, -1, -1, -1, 1, -1, -1, 1, 1, 1, 1, 1, -1, 1, -1, 1, 1, 1, -1, 1, -1, -1, 1, -1, 1, -1, 1, -1, -1, 1, 1, -1, -1, -1, -1, 1, 1, -1, -1, 1, -1, -1, -1, 1, 1, 1, -1, 1, 1, 1, 1, -1, -1, 1, 1, -1, 1, -1, 1, 1, -1, -1, -1, 1, 1, -1, 1, -1, -1, -1, 1, -1, 1, 1, -1, -1, -1, -1, -1 )

[sub_resource type="CubeMesh" id=7]

[sub_resource type="SpatialMaterial" id=9]
albedo_color = Color( 0.0509804, 0.372549, 0.501961, 1 )

[sub_resource type="ConcavePolygonShape" id=8]
data = PoolVector3Array( -1, 1, 1, 1, 1, 1, -1, -1, 1, 1, 1, 1, 1, -1, 1, -1, -1, 1, 1, 1, -1, -1, 1, -1, 1, -1, -1, -1, 1, -1, -1, -1, -1, 1, -1, -1, 1, 1, 1, 1, 1, -1, 1, -1, 1, 1, 1, -1, 1, -1, -1, 1, -1, 1, -1, 1, -1, -1, 1, 1, -1, -1, -1, -1, 1, 1, -1, -1, 1, -1, -1, -1, 1, 1, 1, -1, 1, 1, 1, 1, -1, -1, 1, 1, -1, 1, -1, 1, 1, -1, -1, -1, 1, 1, -1, 1, -1, -1, -1, 1, -1, 1, 1, -1, -1, -1, -1, -1 )

[sub_resource type="SpatialMaterial" id=10]
albedo_color = Color( 0.109804, 0.709804, 0.945098, 1 )

[node name="World" type="Spatial"]

[node name="Boundries" type="Spatial" parent="."]

[node name="Floor" type="MeshInstance" parent="Boundries"]
transform = Transform( 15, 0, 0, 0, 0.1, 0, 0, 0, 15, 0, 0, 0 )
mesh = SubResource( 1 )
skeleton = NodePath("../..")

[node name="StaticBody" type="StaticBody" parent="Boundries/Floor"]

[node name="CollisionShape" type="CollisionShape" parent="Boundries/Floor/StaticBody"]
shape = SubResource( 2 )

[node name="Wall1" type="MeshInstance" parent="Boundries"]
transform = Transform( 15, 0, 0, 0, 6, 0, 0, 0, 1, 0, 6, 15 )
mesh = SubResource( 3 )
skeleton = NodePath("../..")

[node name="StaticBody" type="StaticBody" parent="Boundries/Wall1"]

[node name="CollisionShape" type="CollisionShape" parent="Boundries/Wall1/StaticBody"]
shape = SubResource( 4 )

[node name="Wall2" type="MeshInstance" parent="Boundries"]
transform = Transform( 15, 0, 0, 0, 6, 0, 0, 0, 1, 0, 6, -15 )
mesh = SubResource( 3 )
skeleton = NodePath("../..")

[node name="StaticBody" type="StaticBody" parent="Boundries/Wall2"]

[node name="CollisionShape" type="CollisionShape" parent="Boundries/Wall2/StaticBody"]
shape = SubResource( 4 )

[node name="Wall3" type="MeshInstance" parent="Boundries"]
transform = Transform( 1, 0, 0, 0, 6, 0, 0, 0, 15, 15, 6, 0 )
mesh = SubResource( 5 )
skeleton = NodePath("../..")

[node name="StaticBody" type="StaticBody" parent="Boundries/Wall3"]

[node name="CollisionShape" type="CollisionShape" parent="Boundries/Wall3/StaticBody"]
shape = SubResource( 6 )

[node name="Wall4" type="MeshInstance" parent="Boundries"]
transform = Transform( 1, 0, 0, 0, 6, 0, 0, 0, 15, -15, 6, 0 )
mesh = SubResource( 5 )
skeleton = NodePath("../..")

[node name="StaticBody" type="StaticBody" parent="Boundries/Wall4"]

[node name="CollisionShape" type="CollisionShape" parent="Boundries/Wall4/StaticBody"]
shape = SubResource( 6 )

[node name="DirectionalLight" type="DirectionalLight" parent="."]
transform = Transform( 1, 0, 0, 0, 0.605072, 0.796171, 0, -0.796171, 0.605072, -44.0482, 51.2924, 10.9336 )

[node name="Player" parent="." instance=ExtResource( 1 )]

[node name="MeshInstance" type="MeshInstance" parent="."]
transform = Transform( 1, 0, 0, 0, 1, 0, 0, 0, 1, 0, -0.51271, 2.83175 )
mesh = SubResource( 7 )
material/0 = SubResource( 9 )

[node name="StaticBody" type="StaticBody" parent="MeshInstance"]

[node name="CollisionShape" type="CollisionShape" parent="MeshInstance/StaticBody"]
shape = SubResource( 8 )

[node name="MeshInstance2" type="MeshInstance" parent="."]
transform = Transform( 1, 0, 0, 0, 1, 0, 0, 0, 1, 0.000267982, -0.188555, 4.42044 )
mesh = SubResource( 7 )
material/0 = SubResource( 10 )

[node name="StaticBody" type="StaticBody" parent="MeshInstance2"]

[node name="CollisionShape" type="CollisionShape" parent="MeshInstance2/StaticBody"]
shape = SubResource( 8 )
